@Book{ggplot2,
	author = {Hadley Wickham},
	title = {ggplot2: Elegant Graphics for Data Analysis},
	publisher = {Springer-Verlag New York},
	year = {2016},
 	isbn = {978-3-319-24277-4},
	url = {https://ggplot2.tidyverse.org},
 }
  
 @book{AnitaCruz2324_2025,
 	title={Diamond Sticker},
	url={https://tenor.com/en-GB/view/diamond-gif-5451697367070963787},
	journal={Tenor},
	author={AnitaCruz2324},
	year={2025},
	month={Jul}
} 

@book{Dan_2022,
	title={Diamonds closeup jewelry gem},
	url={https://unsplash.com/photos/a-pair-of-diamond-shaped-rings-gUkgk1GIGdQ},
	journal={Unsplash},
	author={Dan, Daniel},
	year={2022},
	month={Jun}
} 
