@article{mccool2021,
	title = {An {App}-{Assisted} {Travel} {Survey} in {Official} {Statistics}: {Possibilities} and {Challenges}},
	volume = {37},
	issn = {0282-423X},
	shorttitle = {An {App}-{Assisted} {Travel} {Survey} in {Official} {Statistics}},
	url = {https://journals.sagepub.com/doi/abs/10.2478/jos-2021-0007},
	doi = {10.2478/jos-2021-0007},
	language = {en},
	number = {1},
	urldate = {2024-09-29},
	journal = {Journal of Official Statistics},
	author = {McCool, Danielle and Lugtig, Peter and Mussmann, Ole and Schouten, Barry},
	month = mar,
	year = {2021},
	pages = {149--170},
	keywords = {main},
}

@article{bolbol2012,
	series = {Special {Issue}: {Advances} in {Geocomputation}},
	title = {Inferring hybrid transportation modes from sparse {GPS} data using a moving window {SVM} classification},
	volume = {36},
	issn = {0198-9715},
	url = {https://www.sciencedirect.com/science/article/pii/S0198971512000543},
	doi = {10.1016/j.compenvurbsys.2012.06.001},
	number = {6},
	urldate = {2024-09-29},
	journal = {Computers, Environment and Urban Systems},
	author = {Bolbol, Adel and Cheng, Tao and Tsapakis, Ioannis and Haworth, James},
	month = nov,
	year = {2012},
	keywords = {main, Classification, SVM, Transportation mode, Travel behaviour, Variable selection, GPS (thesis), Methods (thesis)},
	pages = {526--537},
}

@article{nour2016,
	title = {Classification of automobile and transit trips from {Smartphone} data: {Enhancing} accuracy using spatial statistics and {GIS}},
	volume = {51},
	issn = {09666923},
	shorttitle = {Classification of automobile and transit trips from {Smartphone} data},
	url = {https://linkinghub.elsevier.com/retrieve/pii/S0966692315002070},
	doi = {10.1016/j.jtrangeo.2015.11.005},
	language = {en},
	urldate = {2024-09-29},
	journal = {Journal of Transport Geography},
	author = {Nour, Akram and Hellinga, Bruce and Casello, Jeffrey},
	month = feb,
	year = {2016},
	keywords = {main, GPS (thesis), Methods (thesis)},
	pages = {36--44},
}


@article{safi2016,
	title = {Trip {Detection} with {Smartphone}-{Assisted} {Collection} of {Travel} {Data}},
	volume = {2594},
	issn = {0361-1981},
	url = {https://doi.org/10.3141/2594-03},
	doi = {10.3141/2594-03},
	language = {en},
	number = {1},
	urldate = {2024-12-12},
	journal = {Transportation Research Record},
	author = {Safi, Hamid and Assemi, Behrang and Mesbah, Mahmoud and Ferreira, Luis},
	month = jan,
	year = {2016},
	pages = {18--26},
    keywords = {main},
}

@unknown{Schouten2024,
author = {Schouten, Barry and Remmerswaal, Daniëlle and Elevelt, Anne and Groot, Jelmer and Klingwort, Jonas and Schijvenaars, Tim and Schulte, Marleen and Vollebregt, Mike},
year = {2024},
pages = {},
title = {A smart Travel Survey: Results of a push-to- smart field experiment in the Netherlands},
doi = {10.13140/RG.2.2.30248.38404},
keywords = {main},
}

@article{xiao2015,
	title = {Travel mode detection based on {GPS} track data and {Bayesian} networks},
	volume = {54},
	issn = {01989715},
	doi = {10.1016/j.compenvurbsys.2015.05.005},
	language = {en},
	urldate = {2024-09-29},
	journal = {Computers, Environment and Urban Systems},
	author = {Xiao, Guangnian and Juan, Zhicai and Zhang, Chunqin},
	month = nov,
	year = {2015},
	keywords = {main, GPS (thesis)},
	pages = {14--22},
}

@article{li2021,
	title = {Transportation mode identification with {GPS} trajectory data and {GIS} information},
	volume = {26},
	issn = {1007-0214},
	url = {https://ieeexplore.ieee.org/document/9312770/},
	doi = {10.26599/TST.2020.9010014},
	language = {en},
	number = {4},
	urldate = {2024-09-29},
	journal = {Tsinghua Science and Technology},
	author = {Li, Ji and Pei, Xin and Wang, Xuejiao and Yao, Danya and Zhang, Yi and Yue, Yun},
	month = aug,
	year = {2021},
	keywords = {main, GPS (thesis), Methods (thesis)},
	pages = {403--416},
}

@article{lu2019,
	title = {A {Random} {Forest} {Model} for {Travel} {Mode} {Identification} {Based} on {Mobile} {Phone} {Signaling} {Data}},
	volume = {11},
	copyright = {http://creativecommons.org/licenses/by/3.0/},
	issn = {2071-1050},
	url = {https://www.mdpi.com/2071-1050/11/21/5950},
	doi = {10.3390/su11215950},
	language = {en},
	number = {21},
	urldate = {2024-09-29},
	journal = {Sustainability},
	author = {Lu, Zhenbo and Long, Zhen and Xia, Jingxin and An, Chengchuan},
	month = jan,
	year = {2019},
	keywords = {main, Travel mode identification, Mobile-phone signaling data, Random forest, Residents’ travel survey data, Methods (thesis)},
	pages = {5950},
}

@article{shafique2016,
	title = {Travel {Mode} {Detection} with {Varying} {Smartphone} {Data} {Collection} {Frequencies}},
	volume = {16},
	issn = {1424-8220},
	url = {https://www.ncbi.nlm.nih.gov/pmc/articles/PMC4883407/},
	doi = {10.3390/s16050716},
	number = {5},
	urldate = {2024-09-29},
	journal = {Sensors},
	author = {Shafique, Muhammad Awais and Hato, Eiji},
	month = may,
	year = {2016},
	pmid = {27213380},
	pmcid = {PMC4883407},
	keywords = {main, Methods (thesis)},
	pages = {716},
}

@unpublished{zahroh2025,
    title = {Predicting trip purpose in a smartphone-based travel survey},
    author = {Zahroh, S. and Lugtig, P., and Gootzen, Y. and Klingwort, J. and Schouten, B.},
    annote = "Statistics Netherlands",
    note = "Discussion Paper",
    year = {expected 2025},
    keywords = {main},
}

@unpublished{gootzen2025,
    title = {Data quality aspects for location tracking in smart travel and mobility surveys},
    author = {Gootzen, Y. and Klingwort, J. and Schouten, B.},
    annote = "Statistics Netherlands",
    note = "Discussion Paper",
    year = {expected 2025},
    keywords = {main},
}


@article{liu2022,
	title = {Detecting transportation modes using smartphone data and {GIS} information: evaluating alternative algorithms for an integrated smartphone-based travel diary imputation},
	volume = {14},
	issn = {1942-7867, 1942-7875},
	shorttitle = {Detecting transportation modes using smartphone data and {GIS} information},
	url = {https://www.tandfonline.com/doi/full/10.1080/19427867.2021.1958591},
	doi = {10.1080/19427867.2021.1958591},
	language = {en},
	number = {9},
	urldate = {2024-09-29},
	journal = {Transportation Letters},
	author = {Liu, Yicong and Miller, Eric and Habib, Khandker Nurul},
	month = oct,
	year = {2022},
	keywords = {main, GPS (thesis), Methods (thesis)},
	pages = {933--943},
}

@article{pappu2014,
  title={High-dimensional data classification},
  author={Pappu, Vijay and Pardalos, Panos M},
  journal={Clusters, Orders, and Trees: Methods and Applications: In Honor of Boris Mirkin's 70th Birthday},
  pages={119--150},
  year={2014},
  publisher={Springer},
keywords = {main}
}

@Manual{geosphere,
    title = {geosphere: Spherical Trigonometry},
    author = {Robert J. Hijmans},
    year = {2024},
    note = {R package version 1.5-20},
    url = {https://github.com/rspatial/geosphere},
keywords = {main}
  }

@Article{caret,
    title = {Building Predictive Models in R Using the caret Package},
    volume = {28},
    url =
      {https://www.jstatsoft.org/index.php/jss/article/view/v028i05},
    doi = {10.18637/jss.v028.i05},
    number = {5},
    journal = {Journal of Statistical Software},
    author = {{Kuhn} and {Max}},
    year = {2008},
    pages = {1–26},
keywords = {main}
  }

@Article{ranger,
    title = {{ranger}: A Fast Implementation of Random Forests for High
      Dimensional Data in {C++} and {R}},
    author = {Marvin N. Wright and Andreas Ziegler},
    journal = {Journal of Statistical Software},
    year = {2017},
    volume = {77},
    number = {1},
    pages = {1--17},
    doi = {10.18637/jss.v077.i01},
keywords = {main}
  }

@article{altmann2010,
  title={Permutation importance: a corrected feature importance measure},
  author={Altmann, Andr{\'e} and Tolo{\c{s}}i, Laura and Sander, Oliver and Lengauer, Thomas},
  journal={Bioinformatics},
  volume={26},
  number={10},
  pages={1340--1347},
  year={2010},
  publisher={Oxford University Press},
keywords = {main}
}

@article{janitza2018,
  title={A computationally fast variable importance test for random forests for high-dimensional data},
  author={Janitza, Silke and Celik, Ender and Boulesteix, Anne-Laure},
  journal={Advances in Data Analysis and Classification},
  volume={12},
  number={4},
  pages={885--915},
  year={2018},
  publisher={Springer},
keywords = {main}
}

@article{qin2019,
	title = {Toward {Transportation} {Mode} {Recognition} {Using} {Deep} {Convolutional} and {Long} {Short}-{Term} {Memory} {Recurrent} {Neural} {Networks}},
	volume = {7},
	issn = {2169-3536},
	url = {https://ieeexplore.ieee.org/document/8853261},
	doi = {10.1109/ACCESS.2019.2944686},
	urldate = {2024-09-29},
	journal = {IEEE Access},
	author = {Qin, Yanjun and Luo, Haiyong and Zhao, Fang and Wang, Chenxing and Wang, Jiaqi and Zhang, Yuexia},
	year = {2019},
	keywords = {main, CNN, Computer architecture, context-aware, Convolution, Convolutional neural networks, Deep learning, Feature extraction, LSTM, Machine learning algorithms, Mobile sensing, Transportation, transportation mode recognition},
	pages = {142353--142367},
}


@article{sadeghian2021,
	title = {Review and evaluation of methods in transport mode detection based on {GPS} tracking data},
	volume = {8},
	issn = {2095-7564},
	url = {https://www.sciencedirect.com/science/article/pii/S2095756421000623},
	doi = {10.1016/j.jtte.2021.04.004},
	number = {4},
	urldate = {2024-09-29},
	journal = {Journal of Traffic and Transportation Engineering (English Edition)},
	author = {Sadeghian, Paria and Håkansson, Johan and Zhao, Xiaoyun},
	month = aug,
	year = {2021},
	keywords = {main, Deep learning, Machine learning, Transport mode detection, Rule-based method, Statistical learning, Traffic engineering},
	pages = {467--482},
}

@misc{yang2024,
	address = {Rochester, NY},
	type = {{SSRN} {Scholarly} {Paper}},
	title = {Machine {Learning} for {Data}-{Centric} {Transport} {Mode} {Detection}: {A} {Systematic} {Review}},
	shorttitle = {Machine {Learning} for {Data}-{Centric} {Transport} {Mode} {Detection}},
	url = {https://papers.ssrn.com/abstract=4960556},
	doi = {10.2139/ssrn.4960556},
	language = {en},
	urldate = {2024-09-29},
	author = {Yang, Ningkang and Al Haddad, Christelle and Yamnenko, Iuliia and Antoniou, Constantinos},
	year = {2024},
	keywords = {main, Transport mode detection, Intelligent Transportation Systems, Location-aware data, Location-unaware data, machine learning, Systematic review},
}

@article{xiao2019,
  title={Detecting travel modes using rule-based classification system and Gaussian process classifier},
  author={Xiao, Guangnian and Cheng, Qin and Zhang, Chunqin},
  journal={IEEE Access},
  volume={7},
  pages={116741--116752},
  year={2019},
  publisher={IEEE}
}

@article{yang2018,
  title={A review of GPS trajectories classification based on transportation mode},
  author={Yang, Xue and Stewart, Kathleen and Tang, Luliang and Xie, Zhong and Li, Qingquan},
  journal={Sensors},
  volume={18},
  number={11},
  pages={3741},
  year={2018},
  publisher={MDPI}
}

@article{li2022,
	title = {A {Semisupervised} {End}-to-{End} {Framework} for {Transportation} {Mode} {Detection} by {Using} {GPS}-{Enabled} {Sensing} {Devices}},
	volume = {9},
	issn = {2327-4662},
	url = {https://ieeexplore.ieee.org/document/9547354},
	doi = {10.1109/JIOT.2021.3115239},
	number = {10},
	urldate = {2024-09-29},
	journal = {IEEE Internet of Things Journal},
	author = {Li, Z and Xiong, Gang and Wei, Zebing and Lv, Yisheng and Anwar, Noreen and Wang, Fei-Yue},
	month = may,
	year = {2022},
	keywords = {main, Global Positioning System, Trajectory, Automobiles, Transportation, Hidden Markov models, GPS (thesis), semi-supervised learning, GPS trajectory, human mobility, Prototypes, Random forests, transportation mode detection (TMD)},
	pages = {7842--7852},
}

@INPROCEEDINGS{markas&yu2020,
  author={Markos, Christos and Yu, James J.Q.},
  booktitle={2020 IEEE 23rd International Conference on Intelligent Transportation Systems (ITSC)}, 
  title={Unsupervised Deep Learning for GPS-Based Transportation Mode Identification}, 
  year={2020},
  volume={},
  number={},
  pages={1-6},
  keywords={main, Transportation;Global Positioning System;Trajectory;Feature extraction;Motion segmentation;Data models;Computational modeling},
  doi={10.1109/ITSC45102.2020.9294673}}


@article{prelipcean2018,
	series = {Transport {Survey} {Methods} in the era of big data:facing the challenges},
	title = {Collecting travel diaries: {Current} state of the art, best practices, and future research directions},
	volume = {32},
	issn = {2352-1465},
	shorttitle = {Collecting travel diaries},
	url = {https://www.sciencedirect.com/science/article/pii/S2352146518301832},
	doi = {10.1016/j.trpro.2018.10.029},
	urldate = {2024-12-12},
	journal = {Transportation Research Procedia},
	author = {Prelipcean, Adrian C. and Susilo, Yusak O. and Gidófalvi, Gyözö},
	month = jan,
	year = {2018},
	keywords = {main, best practices, destination, purpose inferences, travel diary collection systems, travel mode},
	pages = {155--166},
}


@article{hu&szymczak2023,
	title = {A review on longitudinal data analysis with random forest},
	volume = {24},
	issn = {1477-4054},
	url = {https://doi.org/10.1093/bib/bbad002},
	doi = {10.1093/bib/bbad002},
	number = {2},
	urldate = {2024-09-29},
	journal = {Briefings in Bioinformatics},
	author = {Hu, Jianchang and Szymczak, Silke},
	month = mar,
	year = {2023},
	keywords = {main, Methods (thesis)},
	pages = {bbad002},
}

@article{jiang2023,
	title = {A {Framework} of {Travel} {Mode} {Identification} {Fusing} {Deep} {Learning} and {Map}-{Matching} {Algorithm}},
	volume = {24},
	issn = {1558-0016},
	url = {https://ieeexplore.ieee.org/document/10061352},
	doi = {10.1109/TITS.2023.3250660},
	number = {6},
	urldate = {2024-09-29},
	journal = {IEEE Transactions on Intelligent Transportation Systems},
	author = {Jiang, Zhihuan and Huang, Ailing and Qi, Geqi and Guan, Wei},
	month = jun,
	year = {2023},
	keywords = {main, Deep learning, Global Positioning System, Trajectory, Cleaning, Data integrity, Hidden Markov models, map matching, mobile phone signaling data, Poles and towers, travel mode identification, Urban areas, Methods (thesis)},
	pages = {6401--6415},
}

@article{bjerre-nielsen2020,
	title = {Inferring transportation mode from smartphone sensors: {Evaluating} the potential of {Wi}-{Fi} and {Bluetooth}},
	volume = {15},
	doi = {10.1371/journal.pone.0234003},
	language = {en},
	number = {7},
	journal = {PLOS ONE},
	author = {Bjerre-Nielsen, Andreas and Minor, Kelton and Sapieżyński, Piotr and Lehmann, Sune and Lassen, David Dreyer},
	month = jul,
	year = {2020},
	keywords = {main, Transportation, Accelerometers, GPS (thesis), Cell phones, Cities, Computer networks, Geographic information systems, Telecommunications, Urban environments, Methods (thesis)},
	pages = {e0234003},
}

@article{yu2021,
	title = {Travel {Mode} {Identification} {With} {GPS} {Trajectories} {Using} {Wavelet} {Transform} and {Deep} {Learning}},
	volume = {22},
	issn = {1524-9050, 1558-0016},
	url = {https://ieeexplore.ieee.org/document/8947978/},
	doi = {10.1109/TITS.2019.2962741},
	language = {en},
	number = {2},
	urldate = {2024-09-29},
	journal = {IEEE Transactions on Intelligent Transportation Systems},
	author = {Yu, James J. Q.},
	month = feb,
	year = {2021},
	keywords = {main, GPS (thesis), Methods (thesis)},
	pages = {1093--1103},
}

@article{sadeghian2022,
	title = {A stepwise methodology for transport mode detection in {GPS} tracking data},
	volume = {26},
	issn = {2214-367X},
	url = {https://www.sciencedirect.com/science/article/pii/S2214367X21000983},
	doi = {10.1016/j.tbs.2021.10.004},
	urldate = {2024-09-29},
	journal = {Travel Behaviour and Society},
	author = {Sadeghian, Paria and Zhao, Xiaoyun and Golshan, Arman and Håkansson, Johan},
	month = jan,
	year = {2022},
	keywords = {main, Data labeling, GIS multi-criteria process, Individuals travel patterns, Supervised learning, Unsupervised learning, Methods (thesis)},
	pages = {159--167},
}

@article{hasan2022,
	title = {Transportation {Mode} {Detection} by {Using} {Smartphones} and {Smartwatches} with {Machine} {Learning}},
	volume = {26},
	issn = {1226-7988, 1976-3808},
	url = {https://link.springer.com/10.1007/s12205-022-1281-0},
	doi = {10.1007/s12205-022-1281-0},
	language = {en},
	number = {8},
	urldate = {2024-09-29},
	journal = {KSCE Journal of Civil Engineering},
	author = {Hasan, Raed Abdullah and Irshaid, Hafez and Alhomaidat, Fadi and Lee, Sangwoo and Oh, Jun-Seok},
	month = aug,
	year = {2022},
	keywords = {main, GPS (thesis), Methods (thesis)},
	pages = {3578--3589},
}

@article{wang2024,
    title = {Who drops off web-based travel surveys? {Investigating} the impact of respondents dropping out of travel diaries during online travel surveys},
    url = {https://link.springer.com/10.1007/s11116-024-10510-8},
    doi = {10.1007/s11116-024-10510-8},
    language = {en},
    urldate = {2024-09-29},
    pages = {1--37},
    journal = {Transportation},
    author = {Wang, Kaili and Liu, Yicong and Hossain, Sanjana and Nurul Habib, Khandker},
    month = jul,
    year = {2024},
    keywords = {main, Travel survey (thesis)},
}

@article{nahmias-biran2018,
	title = {Enriching {Activity}-{Based} {Models} using {Smartphone}-{Based} {Travel} {Surveys}},
	volume = {2672},
	issn = {0361-1981},
	url = {https://doi.org/10.1177/0361198118798475},
	doi = {10.1177/0361198118798475},
	language = {en},
	number = {42},
	urldate = {2024-09-29},
	journal = {Transportation Research Record},
	author = {Nahmias-Biran, Bat-hen and Han, Yafei and Bekhor, Shlomo and Zhao, Fang and Zegras, Christopher and Ben-Akiva, Moshe},
	month = dec,
	year = {2018},
	keywords = {main, Travel survey (thesis)},
	pages = {280--291},
}

@article{sela&simonoff2020,
	title = {{RE}-{EM} trees: a data mining approach for longitudinal and clustered data},
	volume = {86},
	doi = {DOI 10.1007/s10994-011-5258-3},
	journal = {Mach Learn},
	author = {Sela, Rebecca J. and Simonoff, Jeffrey S},
	year = {2020},
	keywords = {main, Methods (thesis)},
	pages = {169--207},
}

@article{bedogni2016,
  title={Context-aware Android applications through transportation mode detection techniques},
  author={Bedogni, Luca and Di Felice, Marco and Bononi, Luciano},
  doi =  {/10.1002/wcm.2702},
  journal={Wireless communications and mobile computing},
  volume={16},
  number={16},
  pages={2523--2541},
  year={2016},
  publisher={Wiley Online Library},
  keywords = {main, Methods (thesis)},
}

@article{hajjem2017,
  title={Generalized mixed effects regression trees},
  author={Hajjem, Ahlem and Larocque, Denis and Bellavance, Fran{\c{c}}ois},
  journal={Statistics \& Probability Letters},
  volume={126},
  pages={114--118},
  year={2017},
  publisher={Elsevier},
  doi={10.1016/j.spl.2017.02.033},
  keywords = {main, Methods (thesis)},
}

@article{luque2019,
  title={The impact of class imbalance in classification performance metrics based on the binary confusion matrix},
  author={Luque, Amalia and Carrasco, Alejandro and Mart{\'\i}n, Alejandro and de Las Heras, Ana},
  journal={Pattern Recognition},
  volume={91},
  pages={216--231},
  year={2019},
  publisher={Elsevier},
  doi={10.1016/j.patcog.2019.02.023},
  keywords = {main, Methods (thesis)},
}

@Manual{R,
 title = {R: A Language and Environment for Statistical Computing},
 author = {{R Core Team}},
 organization = {R Foundation for Statistical Computing},
 year = {2024},
 url = {https://www.R-project.org/},
 keywords = {main, Methods (thesis)},
}

@Article{kuhn2008,
    title = {Building Predictive Models in R Using the caret Package},
    volume = {28},
    url =
      {https://www.jstatsoft.org/index.php/jss/article/view/v028i05},
    doi = {10.18637/jss.v028.i05},
    number = {5},
    journal = {Journal of Statistical Software},
    author = {Kuhn, Max},
    year = {2008},
    pages = {1–26},
    keywords = {main, Methods (thesis)},
}

@Manual{capitaine2020,
    title = {LongituRF: Random Forests for Longitudinal Data},
    author = {Louis Capitaine},
    year = {2020},
    note = {R package version 0.9},
    url = {https://CRAN.R-project.org/package=LongituRF},
    keywords = {main, Methods (thesis)},
}

@Article{padgham2017,
    title = {osmdata},
    author = {Padgham, Mark and Rudis, Bob and Lovelace, Robin and Salmon, Maëlle},
    journal = {Journal of Open Source Software},
    year = {2017},
    volume = {2},
    number = {14},
    pages = {305},
    month = {jun},
    publisher = {The Open Journal},
    url = {https://joss.theoj.org/papers/10.21105/joss.00305},
    doi = {10.21105/joss.00305},
    keywords = {main, Methods (thesis)},
  }